@article{mangle,
author = {Steinkuehler, Constance}, 
title = {The Mangle of Play}, 
volume = {1}, 
number = {3}, 
pages = {199-213}, 
year = {2006}, 
doi = {10.1177/1555412006290440}, 
abstract ={In this essay, I discuss the ways in which, in the context of Lineage, the game that’s actually played by participants is not the game that designers originally had in mind, but rather one that is the outcome of an interactively stabilized (Pickering, 1995) “mangle of practice” of designers, players, in-game currency farmers, and broader social norms.}, 
URL = {http://gac.sagepub.com/content/1/3/199.abstract}, 
eprint = {http://gac.sagepub.com/content/1/3/199.full.pdf+html}, 
journal = {Games and Culture} 
}


@misc{punk,
	title = {PunkBuster Online Countermeasures},	
	howpublished = {\url{http://www.evenbalance.com/}}
}

@misc{skinner,
	title = {Ethical Dilemmas},
	issn = {0312-6315},
	howpublished = {\url{http://www.smh.com.au/news/articles/ethical-dilemmas/2007/09/19/1189881577195.html}},
	abstract = {Exploitative multiplayer worlds don't deserve to be called art, a designer tells Jason Hill. Game Articles on Digital L},
	journal = {Sydney Morning Herald},
	author = {Hill, Jason},
	month = sep,
	year = {2007}
}

@inproceedings{classification,
 author = {Yan, Jeff and Randell, Brian},
 title = {A systematic classification of cheating in online games},
 booktitle = {Proceedings of 4th ACM SIGCOMM workshop on Network and system support for games},
 series = {NetGames '05},
 year = {2005},
 isbn = {1-59593-156-2},
 location = {Hawthorne, NY},
 pages = {1--9},
 numpages = {9},
 url = {http://doi.acm.org.prox.lib.ncsu.edu/10.1145/1103599.1103606},
 doi = {http://doi.acm.org.prox.lib.ncsu.edu/10.1145/1103599.1103606},
 acmid = {1103606},
 publisher = {ACM},
 address = {New York, NY, USA},
 keywords = {cheating, online computer games, security, taxonomy},
} 

@article{habitat,
  title={The Lessons of Lucasfilm's Habitat},
  author={Morningstar, C. and Farmer, F.R.},
  journal={Cyberspace: first steps},
  pages={273-302},
  year={1990},
  publisher={MIT Press}
}

@inproceedings{van2009step,
  title={A step in the right direction: Botdetection in MMORPGs using movement analysis},
  author={van Kesteren, M. and Langevoort, J. and Grootjen, F.},
  booktitle={Proc. of the 21st Belgian-Dutch Conference on Artificial Intelligence (BNAIC 2009)},
  year={2009}
}

@INPROCEEDINGS{scum, 
author={Hilaire, S. and Hyun-chul Kim and Chong-kwon Kim}, 
booktitle={Communications Quality and Reliability (CQR), 2010 IEEE International Workshop Technical Committee on}, 
title={How to deal with bot scum in MMORPGs?}, 
year={2010}, 
month={june}, 
volume={}, 
number={}, 
pages={1 -6}, 
keywords={CAPTCHA strategy;World of Warcraft;automated detection scheme;bot scum;client-server communication patterns;false alarm probability;human control strategy;massively multiplayer online role-playing games;online gaming world;client-server systems;computer games;probability;security of data;}, 
doi={10.1109/CQR.2010.5619911}, 
ISSN={},}

@inproceedings{botcraft,
 author = {Gianvecchio, Steven and Wu, Zhenyu and Xie, Mengjun and Wang, Haining},
 title = {Battle of Botcraft: fighting bots in online games with human observational proofs},
 booktitle = {Proceedings of the 16th ACM conference on Computer and communications security},
 series = {CCS '09},
 year = {2009},
 isbn = {978-1-60558-894-0},
 location = {Chicago, Illinois, USA},
 pages = {256--268},
 numpages = {13},
 url = {http://doi.acm.org.prox.lib.ncsu.edu/10.1145/1653662.1653694},
 doi = {http://doi.acm.org.prox.lib.ncsu.edu/10.1145/1653662.1653694},
 acmid = {1653694},
 publisher = {ACM},
 address = {New York, NY, USA},
 keywords = {game bots, human observational proofs},
} 

@ARTICLE{trajectory, 
author={Hsing-Kuo Pao and Kuan-Ta Chen and Hong-Chung Chang}, 
journal={Computational Intelligence and AI in Games, IEEE Transactions on}, 
title={Game Bot Detection via Avatar Trajectory Analysis}, 
year={2010}, 
month={sept. }, 
volume={2}, 
number={3}, 
pages={162 -175}, 
keywords={Internet activities;avatar trajectory analysis;game bot detection;human behavior patterns;manifold learning;online games;Internet;computer games;robots;}, 
doi={10.1109/TCIAIG.2010.2072506}, 
ISSN={1943-068X},}

@INPROCEEDINGS{ann, 
author={Prasetya, K. and Wu Zheng da}, 
booktitle={Network and Systems Support for Games (NetGames), 2010 9th Annual Workshop on}, 
title={Artificial Neural Network for bot detection system in MMOGs}, 
year={2010}, 
month={nov.}, 
volume={}, 
number={}, 
pages={1 -2}, 
keywords={MMOG;artificial neural network;bot detection system;cheating prevention;gameplay pattern;human players;massively multiplayer online game;computer games;neural nets;}, 
doi={10.1109/NETGAMES.2010.5679655}, 
ISSN={2156-8138},}

@inproceedings{behavior,
 author = {Thawonmas, Ruck and Kashifuji, Yoshitaka and Chen, Kuan-Ta},
 title = {Detection of MMORPG bots based on behavior analysis},
 booktitle = {Proceedings of the 2008 International Conference on Advances in Computer Entertainment Technology},
 series = {ACE '08},
 year = {2008},
 isbn = {978-1-60558-393-8},
 location = {Yokohama, Japan},
 pages = {91--94},
 numpages = {4},
 url = {http://doi.acm.org.prox.lib.ncsu.edu/10.1145/1501750.1501770},
 doi = {http://doi.acm.org.prox.lib.ncsu.edu/10.1145/1501750.1501770},
 acmid = {1501770},
 publisher = {ACM},
 address = {New York, NY, USA},
 keywords = {action frequency, action type, game bot, online game},
} 

@book{exploit,
 author = {Hoglund, Greg and McGraw, Gary},
 title = {Exploiting online games: cheating massively distributed systems},
 year = {2007},
 isbn = {9780132271912},
 edition = {First},
 publisher = {Addison-Wesley Professional},
} 

@ARTICLE{serverside, 
author={Mitterhofer, S. and Kruegel, C. and Kirda, E. and Platzer, C.}, 
journal={Security Privacy, IEEE}, 
title={Server-Side Bot Detection in Massively Multiplayer Online Games}, 
year={2009}, 
month={may-june }, 
volume={7}, 
number={3}, 
pages={29 -36}, 
keywords={client side suspicious program;massively multiplayer online game;server-side bot detection;subscription-based business model;virtual world;client-server systems;computer crime;computer games;invasive software;}, 
doi={10.1109/MSP.2009.78}, 
ISSN={1540-7993},}

@article{embedpoker,
 author = {Yampolskiy, Roman V. and Govindaraju, Venu},
 title = {Embedded noninteractive continuous bot detection},
 journal = {Comput. Entertain.},
 issue_date = {10/01/2007},
 volume = {5},
 issue = {4},
 month = mar,
 year = {2008},
 issn = {1544-3574},
 pages = {7:1--7:11},
 articleno = {7},
 numpages = {11},
 url = {http://doi.acm.org.prox.lib.ncsu.edu/10.1145/1324198.1324205},
 doi = {http://doi.acm.org.prox.lib.ncsu.edu/10.1145/1324198.1324205},
 acmid = {1324205},
 publisher = {ACM},
 address = {New York, NY, USA},
 keywords = {CAPTCHA, agents, bots, games, reverse Turing test},
} 


@article{preventbotitem,
 author = {Golle, Philippe and Ducheneaut, Nicolas},
 title = {Preventing bots from playing online games},
 journal = {Comput. Entertain.},
 issue_date = {July 2005},
 volume = {3},
 issue = {3},
 month = jul,
 year = {2005},
 issn = {1544-3574},
 pages = {3--3},
 numpages = {1},
 url = {http://doi.acm.org.prox.lib.ncsu.edu/10.1145/1077246.1077255},
 doi = {http://doi.acm.org.prox.lib.ncsu.edu/10.1145/1077246.1077255},
 acmid = {1077255},
 publisher = {ACM},
 address = {New York, NY, USA},
 keywords = {CAPTCHAs, agents, bots, games, reverse Turing test},
} 

@INPROCEEDINGS{minigame, 
author={Yang-Wai Chow and Susilo, W. and Hua-Yu Zhou}, 
booktitle={Cyberworlds (CW), 2010 International Conference on}, 
title={CAPTCHA Challenges for Massively Multiplayer Online Games: Mini-game CAPTCHAs}, 
year={2010}, 
month={oct.}, 
volume={}, 
number={}, 
pages={254 -261}, 
keywords={CAPTCHA challenges;bot programs;completely automated public turing test to tell computers and humans apart;game developer revenue;game resources;massively multiplayer online games;minigame CAPTCHA;networked virtual environments;computer games;}, 
doi={10.1109/CW.2010.48}, 
ISSN={},}